@article{khan2024image,
  author    = {Wasim Khan and L. K. Vishwamitra},
  title     = {Image Classification using Modified Convolutional Neural Network},
  journal   = {Journal of Electrical Systems},
  volume    = {20},
  number    = {3},
  pages     = {3465--3472},
  year      = {2024}
}


@inproceedings{svm_example,
  author    = {Boser, B. E. and Guyon, I. M. and Vapnik, V. N.},
  title     = {A Training Algorithm for Optimal Margin Classifiers},
  booktitle = {Proceedings of the Fifth Annual Workshop on Computational Learning Theory},
  pages     = {144--152},
  year      = {1992}
}

@article{rf_example,
  author    = {Breiman, L.},
  title     = {Random Forests},
  journal   = {Machine Learning},
  volume    = {45},
  number    = {1},
  pages     = {5--32},
  year      = {2001}
}

@inproceedings{alexnet,
  author    = {Krizhevsky, A. and Sutskever, I. and Hinton, G. E.},
  title     = {ImageNet Classification with Deep Convolutional Neural Networks},
  booktitle = {Advances in Neural Information Processing Systems},
  volume    = {25},
  year      = {2012}
}

@article{vgnet,
  author    = {Simonyan, K. and Zisserman, A.},
  title     = {Very Deep Convolutional Networks for Large-Scale Image Recognition},
  journal   = {arXiv preprint arXiv:1409.1556},
  year      = {2014}
}

@inproceedings{resnet,
  author    = {He, K. and Zhang, X. and Ren, S. and Sun, J.},
  title     = {Deep Residual Learning for Image Recognition},
  booktitle = {Proceedings of the IEEE Conference on Computer Vision and Pattern Recognition},
  pages     = {770--778},
  year      = {2016}
}

@inproceedings{densenet,
  author    = {Huang, G. and Liu, Z. and Van Der Maaten, L. and Weinberger, K. Q.},
  title     = {Densely Connected Convolutional Networks},
  booktitle = {Proceedings of the IEEE Conference on Computer Vision and Pattern Recognition},
  pages     = {4700--4708},
  year      = {2017}
}

@misc{kaggle2024intel,
  author    = {Bibo600},
  title     = {Intel Images Classification by CNN},
  year      = {2024},
  howpublished = {\url{https://www.kaggle.com/code/bibo600/intel-images-classification-by-cnn}},
  note      = {Accessed: 2025-01-04}
}


@misc{kaggle2023densenet,
  author    = {siddhant sindhkar},
  title     = {Intel Image Classification | DenseNet201},
  year      = {2023},
  howpublished = {\url{https://www.kaggle.com/code/siddhantsindhkar/intel-image-classification-densenet201}},
  note      = {Accessed: 2025-01-04}
}

@online{tensorboard,
    url  = "https://www.tensorflow.org/tensorboard"
}

@online{vanishing_grad,
    url = "https://stats.stackexchange.com/a/298793"
}



